@book{INCOSE,
  title = {INCOSE Systems Engineering Handbook: A Guide for System Life Cycle Processes and Activities},
  year ={2015},
  editor = {Walden, D and Roedler, G and Forsberg, K and Hamelin, K and Shortell, T},
  publisher = {John Wiley \& Sons}
}
@book{modelica,
  title={Principles of object-oriented modeling and simulation with Modelica 3.3: a cyber-physical approach},
  author={Fritzson, Peter},
  year={2014},
  publisher={John Wiley \& Sons}
}
@book{charles2013fundamentos,
  title={Fundamentos de Circuitos El√©ctricos .},
  author={Alexander, Charles K. and Sadiku, Matthew N.O.},
  year={2013},
  publisher={McGraw-Hill},
  language={spanish}
}
@book{voss1998crystalline,
  title={Crystalline silicon solar cells},
  author={Voss, B and Knobloch, T and Goetzberger, A},
  year={1998},
  publisher={Wiley Online Library}
}
@book{Fraden_2016,
title = {Handbook of Modern Sensors},
    author = {Jacob Fraden},
    year = {2016},
    publisher = {Springer International Publishing}
}

@book{cengel2003termodinamica,
  title={Termodin{\'a}mica},
  author={Cengel, Yunus A and Boles, Michael A and Campos Olgu{\'\i}n, V{\'\i}ctor and Colli Serrano, Mar{\'\i}a Teresa and others},
  publisher={Mc Graw Hill},
  year={2003}
}

@book{sole2005instrumentacion,
  title={Instrumentaci{\'o}n industrial},
  author={Sol{\'e}, Antonio Creus},
  year={2005},
  publisher={Marcombo}
}
