@misc{houses,
    author = {{Commonwealth Scientific and Industrial Research Organisation}},
    title = {Typical House Energy Use},
    howpublished = {\url{https://ahd.csiro.au/other-data/typical-house-energy-use/}},
    note = {Consultado: 29-08-2020}
}
@book{voss1998crystalline,
  title={Crystalline silicon solar cells},
  author={Voss, B and Knobloch, T and Goetzberger, A},
  year={1998},
  publisher={Wiley Online Library}
}
@inproceedings{villalva2009modeling,
  title={Modeling and circuit-based simulation of photovoltaic arrays},
  author={Villalva, Marcelo Gradella and Gazoli, Jonas Rafael and Ruppert Filho, Ernesto},
  booktitle={2009 Brazilian Power Electronics Conference},
  pages={1244--1254},
  year={2009},
  organization={IEEE}
}