@book{margolis2020arduino,
  title={Arduino Cookbook: Recipes to Begin, Expand, and Enhance Your Projects},
  author={Margolis, M. and Jepson, B. and Weldin, N.R.},
  isbn={9781491903483},
  url={https://books.google.co.cr/books?id=Y77dDwAAQBAJ},
  year={2020},
  publisher={O'Reilly Media}
}

@misc{Eaton1,
  author    = {Eaton Corp.},
  title     = {Definite Purpose Motor Control},
  year      = {2023},
  url       = {https://www.eaton.com/us/en-us/catalog/machinery-controls/definite-purpose-motor-control.html},
  note      = {Accessed: 02/03/2023},
}

@misc{Eaton2,
  author    = {Eaton Corp.},
  title     = {Relés de Protección Térmica: C396A2AP05SELDC},
  year      = {2023},
  url       = {https://www.eaton.com/us/en-us/skuPage.C396A2AP05SELDC.html},
  note      = {Accessed: 02/03/2023},
}

@misc{Eaton3,
  author    = {Eaton Corp.},
  title     = {NEMA Contactors and Starters},
  year      = {2023},
  url       = {https://www.eaton.com/content/dam/eaton/products/industrial-controls-drives-automation-sensors/nema-contactors-and-starters-v5-t2-ca08100006e.pdf},
  note      = {Accessed: 02/03/2023},
}

@misc{Scheneider,
  author    = {Scheneider Electric},
  title     = {Class 9065 Catalog for Overload Relays and Thermal Unit Selection},
  year      = {2023},
  url       = {https://download.schneider-electric.com/files?p_enDocType=Catalog&p_File_Name=9065CT9701_R0321+Overload+Relays+and+Thermal+Units+Selection.pdf&p_Doc_Ref=9065CT9701&_ga=2.160627005.1491407618.1677858387-1733391740.1677858387},
  note      = {Accessed: 02/03/2023},
}

@misc{Scheneider2,
  author    = {Scheneider Electric},
  title     = {Wiring Diagram Book},
  year      = {2023},
  url       = {https://download.schneider-electric.com/files?p_enDocType=Catalog&p_File_Name=0140CT9201.pdf&p_Doc_Ref=0140CT9201&_ga=2.160182845.1491407618.1677858387-1733391740.1677858387},
  note      = {Accessed: 02/03/2023},
}

@misc{Scheneider3,
  author    = {Scheneider Electric},
  title     = {Temporizadores RE22: Descripcion},
  year      = {2023},
  url       = {https://download.schneider-electric.com/files?p_enDocType=Instruction+sheet&p_File_Name=NHA6153900-03.pdf&p_Doc_Ref=NHA6153900},
  note      = {Accessed: 09/03/2023},
}

@misc{Scheneider4,
  author    = {Scheneider Electric},
  title     = {Rele Temporizador 8 Funciones 0.05...1s -24VAC/DC},
  year      = {2023},
  url       = {https://www.se.com/cl/es/product/RE22R2MYMR/rele-temporizador-8-funciones-0-05-1s-24vac-dc-/?%3Frange=529-zelio-time&parent-subcategory-id=2810&filter=business-1-automatizaci%C3%B3n-y-control-industrial&selected-node-id=12147018639},
  note      = {Accessed: 09/03/2023},
}

@misc{Scheneider5,
  author    = {Scheneider Electric},
  title     = {Wiring Diagram Book},
  year      = {2023},
  url       = {https://download.schneider-electric.com/files?p_enDocType=Catalog&p_File_Name=0140CT9201.pdf&p_Doc_Ref=0140CT9201&_ga=2.160182845.1491407618.1677858387-1733391740.1677858387},
  note      = {Accessed: 02/03/2023},
}

@book{Mora08,
  author    = {Mora, J. F.},
  title     = {Máquinas Eléctricas},
  volume    = {5},
  year      = {2008},
  publisher = {McGraw-Hill},
}

@misc{SIEMENS,
  author    = {SIEMENS},
  title     = {Manual de Producto - Arrancadores Suaves SIRIUS 3RW30/3RW40},
  year      = {2023},
  url       = {https://support.industry.siemens.com/cs/document/38752095/manual-de-producto-arrancadores-suaves-sirius-3rw30-3rw40?dti=0&lc=es-WW},
  note      = {Accessed: 20/03/2023},
}

@misc{AB160,
  author    = {Allen Bradley},
  title     = {Manual de Usuario, 160 SSC Serie B},
  year      = {2023},
  url       = {https://literature.rockwellautomation.com/idc/groups/literature/documents/um/160-um000_-es-p.pdf},
  note      = {Accessed: 20/03/2023},
}

@misc{Posadas05,
  author    = {Posada Contreras, J.},
  title     = {Modulación por Ancho de Pulso (PWM) y Modulación Vectorial (SVM)},
  year      = {2005},
  url       = {https://red.uao.edu.co/bitstream/handle/10614/191/T0003331.pdf?sequence=1},
  note      = {Accessed: 02/03/2023},
}

@book{Chapman12,
  author    = {Chapman, Stephen J.},
  title     = {Máquinas Eléctricas},
  edition   = {5},
  year      = {2011},
  publisher = {McGraw-Hill},
}

@misc{LOGO1,
  author    = {SIEMENS},
  title     = {Manual de Sistema - LOGO! 8 6ED1052-xxx08-0BA1},
  year      = {2023},
  url       = {https://cache.industry.siemens.com/dl/files/041/109741041/att_924629/v1/logo_system_manual_es-ES_es-ES.pdf},
  note      = {Accessed: 13/04/2023},
}

@misc{LOGO2,
  author    = {SIEMENS},
  title     = {Ayuda en Pantalla de LOGO!Soft Comfort},
  year      = {2023},
  url       = {https://cache.industry.siemens.com/dl/files/807/100782807/att_924633/v1/Help_es-ES_es-ES.pdf},
  note      = {Accessed: 13/04/2023},
}

@misc{LOGO3,
  author    = {SIEMENS},
  title     = {LOGO! Soft Comfort V8 Demo},
  year      = {2023},
  url       = {https://support.industry.siemens.com/cs/document/109782616/logo!-soft-comfort-v8-demo?dti=0&lc=en-WW},
  note      = {Accessed: 13/04/2023},
}

@misc{IEC61131-1,
  title     = {IEC 61131-3:2023. Programmable Controllers - Part 3: Programming Languages},
  year      = {2023},
  url       = {https://webstore.iec.ch/publication/4552},
  note      = {Accessed: 19/04/2023},
}

@book{Tiegelkamp10,
  author    = {Tiegelkamp, M. and Karl-Heinz, J.},
  title     = {IEC 61131-3: Programming Industrial Automation Systems},
  volume    = {166},
  year      = {2010},
  publisher = {Springer},
  address   = {Berlin/Heidelberg, Germany},
}

@misc{TIA-S7,
  author    = {SIEMENS},
  title     = {SIMATIC STEP 7 Basic/Professional V18 y SIMATIC WinCC V18},
  year      = {2023},
  url       = {https://support.industry.siemens.com/cs/document/109815056/simatic-step-7-basic-professional-v18-y-simatic-wincc-v18?dti=0&lc=es-WW},
  note      = {Accessed: 19/04/2023},
}

@misc{PLC-1500,
  author    = {SIEMENS},
  title     = {SIMATIC S7-1500/ET 200MP Manual Collection},
  year      = {2023},
  url       = {https://support.industry.siemens.com/cs/document/86140384/simatic-s7-1500-et-200mp-manual-collection?dti=0&lc=es-WW},
  note      = {Accessed: 19/04/2023},
}

@misc{Maria,
  author    = {Pérez-Cabezas, M.},
  title     = {Configurar, Detectar Dispositivos y Guardar Librería en TIA Portal},
  year      = {2023},
  url       = {https://youtu.be/AMnhrEEXpuY},
  note      = {Accessed: 20/04/2023},
}

